
@article{ Kutyniok,
       author = "Gitta Kutyniok,  Philipp Petersen, Mones Raslan, Reinhold Schneider",
       title = "A Theoretical Analysis of Deep Neural Networks and Parametric PDEs",
       %journal = "SIAM Fundamentals of Algorithms" ,
       year = "2019" ,
       }


@book{Goodfellow-et-al-2016,
    title={Deep Learning},
    author={Ian Goodfellow and Yoshua Bengio and Aaron Courville},
    publisher={MIT Press},
    note={\url{http://www.deeplearningbook.org}},
    year={2016}
}
